@misc{flurry,
title={Flurry Analytics}, 
howpublished = {\url{https://developer.yahoo.com/flurry/docs/analytics/}}
}

@misc{digits,
title={DIGITS}, 
howpublished = {\url{https://digits3.yahoo.com}}
}

@misc{adwords,
title={Google AdWords}, 
howpublished = {\url{https://www.google.com/adwords/}}
}

@inproceedings{Shute2013,
title	= {F1: A Distributed SQL Database That Scales},
author	= {Jeff Shute and Radek Vingralek and Bart Samwel and Ben Handy and Chad Whipkey and Eric Rollins and Mircea Oancea and Kyle LittleÔ¨Åeld and David Menestrina and Stephan Ellner and John Cieslewicz and Ian Rae and Traian Stancescu and Himani Apte},
year	= {2013},
booktitle	= {VLDB}
}


@misc{sketchesLibrary,
title={Data Sketches Library from Yahoo!}, 
howpublished = {\url{https://datasketches.github.io}}
}

@misc{druid,
title={Druid}, 
howpublished = {\url{http://druid.io}}
}

@misc{Theta,
title={Theta Sketch Framework}, 
howpublished = {\url{https://datasketches.github.io/docs/Theta/ThetaSketchFramework.html}}
}

@misc{quantiles,
title={Quantiles Sketch Overview}, 
howpublished = {\url{https://datasketches.github.io/docs/Quantiles/QuantilesOverview.html}}
}

@inproceedings{Henzinger2013,
 author = {Henzinger, Thomas A. and Kirsch, Christoph M. and Payer, Hannes and Sezgin, Ali and Sokolova, Ana},
 title = {Quantitative Relaxation of Concurrent Data Structures},
 series = {POPL '13},
 year = {2013},
 pages = {317--328},
 } 
 
@inproceedings{KMV,
 author = {Bar-Yossef, Ziv and Jayram, T. S. and Kumar, Ravi and Sivakumar, D. and Trevisan, Luca},
 title = {Counting Distinct Elements in a Data Stream},
 series = {RANDOM '02},
 year = {2002},
  pages = {1--10},
} 

